@misc{cinic10-source-classifier,
  author       = {Aki, Akram},
  title        = {Source Domain Classification in CINIC-10},
  year         = {2025},
  howpublished = {\url{https://github.com/AkramAki/cinic10-source-classifier}},
  note         = {Accessed: 2025-07-30}
}

@article{krizhevsky2009learning,
  title = {Learning Multiple Layers of Features from Tiny Images},
  author = {Krizhevsky, Alex},
  year = {2009},
  note = {Technical report},
  institution = {University of Toronto},
  url = {https://www.cs.toronto.edu/~kriz/learning-features-2009-TR.pdf}
}

@inproceedings{deng2009imagenet,
  title = {ImageNet: A large-scale hierarchical image database},
  author = {Deng, Jia and Dong, Wei and Socher, Richard and Li, Li-Jia and Li, Kai and Fei-Fei, Li},
  booktitle = {IEEE Conference on Computer Vision and Pattern Recognition (CVPR)},
  year = {2009},
  url = {https://ieeexplore.ieee.org/document/5206848}
}

@misc{darlow2018cinic,
  title = {CINIC-10 Is Not ImageNet or CIFAR-10},
  author = {Darlow, Luke and Crowley, Elliot and Antoniou, Antreas and Storkey, Amos},
  year = {2018},
  url = {https://datashare.ed.ac.uk/handle/10283/3192}
}

@article{northcutt2021confident,
  title = {Pervasive Label Errors in Test Sets Destabilize Machine Learning Benchmarks},
  author = {Northcutt, Curtis G and Athalye, Anish and Mueller, Jonas},
  year = {2021},
  url = {https://arxiv.org/abs/2103.14749}
}

@article{torralba2011unbiased,
  title = {Unbiased Look at Dataset Bias},
  author = {Torralba, Antonio and Efros, Alexei A},
  journal = {CVPR},
  year = {2011},
  url = {https://people.csail.mit.edu/torralba/publications/datasets_cvpr11.pdf}
}

@inproceedings{recht2019imagenet,
  title = {Do ImageNet Classifiers Generalize to ImageNet?},
  author = {Recht, Benjamin and Roelofs, Rebecca and Schmidt, Ludwig and Shankar, Vaishaal},
  booktitle = {International Conference on Machine Learning (ICML)},
  year = {2019},
  url = {https://arxiv.org/abs/1902.10811}
}

@article{wang2018deep,
  title = {Deep domain adaptation: A survey},
  author = {Wang, Mingsheng and Deng, Weihong},
  journal = {Neurocomputing},
  volume = {312},
  pages = {135--153},
  year = {2018},
  url = {https://doi.org/10.1016/j.neucom.2018.05.083}
}


% So sieht der Biblatex Eintag für eine Abschlussarbeit aus:
@thesis{ma-sebastian,
author = {Müller, Sebastian},
title = {Clear Sight in Cherenkov-Astronomy},
subtitle = {Investigations of Reflector Geometry and Mirror Alignment for the FACT-Telescope},
year = {2014},
type = {Masterarbeit},
school = {TU Dortmund}
}

% ein Lehrbuch:
@book{kuypers,
    author = {Kuypers, Friedhelm},
    title = {Klassische Mechanik},
    year = {2010},
    publisher = {Wiley-VCH},
    series = {9. Auflage}
}

@BOOK{handbook_adhesives,
  editor =       {Satas, D.},
  TITLE =        {Handbook of pressure sensitive adhesive technology},
  PUBLISHER =    {Van Nostrand Reinhold},
  YEAR =         {1989},
  address =      {New York},
  edition =      {2nd},
}


% Ein in einem Journal veröffentlichter Artikel (Paper):
@article{pdg,
      author         = "Beringer, J. and others",
      title          = "{Review of Particle Physics (RPP)}",
      collaboration  = "Particle Data Group",
      journal        = "Phys.Rev.",
      volume         = "D86",
      pages          = "010001",
      doi            = "10.1103/PhysRevD.86.010001",
      year           = "2012",
      SLACcitation   = "%%CITATION = PHRVA,D86,010001;%%",
}

@ARTICLE{einstein,
  author = {Einstein, A.},
  title = {A Generalization of the relativistic theory of Gravitation},
  journal = {Annals of Mathematics},
  year = {1945},
  volume = {46},
  pages = {578-584},
  number = {4}
  }

% eine Internet Quelle
@MANUAL{siunitx,
    title   = {siunitx - A comprehensive (SI) units package},
    url = {http://mirror.selfnet.de/tex-archive/macros/latex/contrib/siunitx/siunitx.pdf},
    date = {2013},
    author = {Wright, Joseph}
}
@MANUAL{koma,
    title   = {KOMA -Script},
    subtitle = {ein wandelbares LaTeX-Paket},
    url = {http://mirror.selfnet.de/tex-archive/macros/latex/contrib/koma-script/doc/scrguide.pdf},
    date = {2013},
    author = {Kohm, Markus and Morawski, Jens-Uwe}
}
@MANUAL{biblatex,
    title   = {The Biblatex Package},
    subtitle = {Programmable Bibliographies and Citations},
    url = {ftp://ftp.fu-berlin.de/tex/CTAN/macros/latex/contrib/biblatex/doc/biblatex.pdf},
    date = {2014},
    author = {Lehman, Philipp and others}
}
@ELECTRONIC{make,
    title   = {Gnu-Make Homepage},
    url = {http://www.gnu.org/software/make/},
    date = {2014},
}
@ELECTRONIC{toolbox,
    title   = {Pep et al.\ Toolbox -- \LaTeX-Folien},
    url = {http://toolbox.pep-dortmund.org/files/archive/2014/latex.pdf},
    date = {2014},
}
@ELECTRONIC{gitbash,
    title   = {Git Bash - Download},
    url = {http://msysgit.github.io/},
    date = {2014},
}
@ELECTRONIC{pleser,
    title   = {Modern Packages for LaTeX},
    url = {http://philippleser.de/physics/latex},
    date = {2014},
    author = {Leser, Philipp}
}
@MANUAL{l2tabu,
    title   = {Das LATEX2ε-Sündenregister},
    author = {Ensenbach, Marc and Trettin, Mark},
    url = {ftp://ftp.mpi-sb.mpg.de/pub/tex/mirror/ftp.dante.de/pub/tex/info/l2tabu/german/l2tabu.pdf},
    date = {2011},
}
@ELECTRONIC{texmaker,
    title   = {Texmaker},
    subtitle =  {The universal LaTeX editor, Downloads},
    url = {http://www.xm1math.net/texmaker/download.html},
    date = {2014},
}
